<record><leader>00000cas a22000007a 4500</leader><controlfield tag="001">27354218</controlfield><controlfield tag="008">930201d19uu1960ctuwr ne      0    0eng d</controlfield><datafield ind1=" " ind2=" " tag="010"><subfield code="a">sn 93053737 </subfield></datafield><datafield ind1=" " ind2=" " tag="040"><subfield code="a">CNW</subfield><subfield code="b">eng</subfield><subfield code="c">CNW</subfield><subfield code="d">OCLCQ</subfield></datafield><datafield ind1=" " ind2=" " tag="042"><subfield code="a">msc</subfield></datafield><datafield ind1="0" ind2="0" tag="245"><subfield code="a">Northern Connecticut news.</subfield></datafield><datafield ind1="3" ind2="0" tag="246"><subfield code="a">Northern news Connecticut</subfield></datafield><datafield ind1=" " ind2=" " tag="260"><subfield code="a">Thompsonville, Conn. :</subfield><subfield code="b">Hi Neigher</subfield></datafield><datafield ind1=" " ind2=" " tag="300"><subfield code="a">v.</subfield></datafield><datafield ind1=" " ind2=" " tag="310"><subfield code="a">Weekly</subfield></datafield><datafield ind1="1" ind2=" " tag="362"><subfield code="a">Ceased in 1960.</subfield></datafield><datafield ind1=" " ind2=" " tag="500"><subfield code="a">"News" appears in title ornament, &lt;Jan. 1955-Dec. 19, 1957&gt;.</subfield></datafield><datafield ind1=" " ind2=" " tag="515"><subfield code="a">Issues for Aug. 15, 1957- lack numbering.</subfield></datafield><datafield ind1=" " ind2=" " tag="588"><subfield code="a">Description based on: Vol. 6, no. 9 (Jan. 6, 1955).</subfield></datafield><datafield ind1=" " ind2="4" tag="651"><subfield code="a">Thompsonville (Conn.)</subfield><subfield code="v">Newspapers.</subfield></datafield><datafield ind1=" " ind2="4" tag="651"><subfield code="a">Enfield (Conn.)</subfield><subfield code="v">Newspapers.</subfield></datafield><datafield ind1=" " ind2="4" tag="651"><subfield code="a">Somers (Conn.)</subfield><subfield code="v">Newspapers.</subfield></datafield><datafield ind1=" " ind2="4" tag="651"><subfield code="a">Suffield (Conn.)</subfield><subfield code="v">Newspapers.</subfield></datafield><datafield ind1=" " ind2="4" tag="651"><subfield code="a">Windsor Locks (Conn.)</subfield><subfield code="v">Newspapers.</subfield></datafield><datafield ind1=" " ind2=" " tag="752"><subfield code="a">United States</subfield><subfield code="b">Connecticut</subfield><subfield code="c">Hartford</subfield><subfield code="d">Thompsonville.</subfield></datafield><datafield ind1="0" ind2="4" tag="785"><subfield code="t">Thompsonville press</subfield><subfield code="w">(DLC)sn 93053736</subfield></datafield><datafield ind1="1" ind2=" " tag="029"><subfield code="a">AU@</subfield><subfield code="b">000020736777</subfield></datafield></record>